<collection xmlns="http://www.loc.gov/MARC21/slim">
<record>
  <leader>02025nam0a22003611i 450 </leader>
  <controlfield tag="001">IT\ICCU\CNCE\031409</controlfield>
  <controlfield tag="005">20150430000000.0</controlfield>
  <datafield tag="012" ind1=" " ind2=" ">
    <subfield code="a">I.l. b.s- 7.en **16 (3) 1587 (R)</subfield>
    <subfield code="2">fei</subfield>
  </datafield>
  <datafield tag="100" ind1=" " ind2=" ">
    <subfield code="a">19971203d1587        0itac0103    ba</subfield>
  </datafield>
  <datafield tag="101" ind1=" " ind2=" ">
    <subfield code="a">LAT</subfield>
  </datafield>
  <datafield tag="102" ind1=" " ind2=" ">
    <subfield code="a">IT</subfield>
  </datafield>
  <datafield tag="200" ind1="1" ind2=" ">
    <subfield code="a">Decisiones causarum Rotae Lucensis, Hieronymo Magonio i.v.d. Vrbeuetano authore, iterum excussae, &amp; ab omnibus quibus scatebant erroribus expurgatae. Vna cum doctissimis annotationibus Fabij Timei de Bonserinis i.v.d. pariter Vrbeuetani. Cum locupletissimo indice, tam in dictis decisionibus, quam earum annotationibus, nouiter compilato</subfield>
  </datafield>
  <datafield tag="210" ind1=" " ind2=" ">
    <subfield code="a">In Vrbeueteri</subfield>
    <subfield code="c">apud Titum Dianum</subfield>
    <subfield code="d">1587</subfield>
  </datafield>
  <datafield tag="215" ind1=" " ind2=" ">
    <subfield code="a">\68!, 304 p.</subfield>
    <subfield code="d">fol</subfield>
  </datafield>
  <datafield tag="620" ind1=" " ind2=" ">
    <subfield code="a">IT</subfield>
    <subfield code="d">Orvieto</subfield>
  </datafield>
  <datafield tag="710" ind1="0" ind2="2">
    <subfield code="a">Lucca</subfield>
    <subfield code="c"> &lt;Repubblica&gt;</subfield>
    <subfield code="b"> : Rota</subfield>
    <subfield code="3">IT\ICCU\CNCA\008581</subfield>
  </datafield>
  <datafield tag="702" ind1=" " ind2="1">
    <subfield code="a">Magoni,</subfield>
    <subfield code="b">Girolamo</subfield>
    <subfield code="3">IT\ICCU\CNCA\010197</subfield>
  </datafield>
  <datafield tag="702" ind1=" " ind2="1">
    <subfield code="a">Bonserini Timei,</subfield>
    <subfield code="b">Fabio</subfield>
    <subfield code="3">IT\ICCU\CNCA\026161</subfield>
  </datafield>
  <datafield tag="712" ind1="0" ind2="0">
    <subfield code="a">Diani, Tito</subfield>
    <subfield code="3">IT\ICCU\CNCT\000307</subfield>
    <subfield code="4">650</subfield>
  </datafield>
  <datafield tag="791" ind1="0" ind2="2">
    <subfield code="a">Rota Lucensis</subfield>
    <subfield code="3">20564</subfield>
    <subfield code="z">Lucca &lt;Repubblica&gt; : Rota</subfield>
  </datafield>
  <datafield tag="790" ind1=" " ind2="1">
    <subfield code="a">Magonius,</subfield>
    <subfield code="b">Hieronymus</subfield>
    <subfield code="3">IT\ICCU\CNCA\022885</subfield>
    <subfield code="z">Magoni, Girolamo</subfield>
  </datafield>
  <datafield tag="790" ind1=" " ind2="1">
    <subfield code="a">Bonserinis,</subfield>
    <subfield code="b">Fabius Timeus : de</subfield>
    <subfield code="3">IT\ICCU\CNCA\026162</subfield>
    <subfield code="z">Bonserini Timei, Fabio</subfield>
  </datafield>
  <datafield tag="790" ind1=" " ind2="1">
    <subfield code="a">Bonserini,</subfield>
    <subfield code="b">Fabio Timei</subfield>
    <subfield code="3">IT\ICCU\CNCA\026163</subfield>
    <subfield code="z">Bonserini Timei, Fabio</subfield>
  </datafield>
  <datafield tag="791" ind1="0" ind2="0">
    <subfield code="a">Dianus, Titus</subfield>
    <subfield code="3">IT\ICCU\CNCT\004694</subfield>
    <subfield code="z">Diani, Tito</subfield>
  </datafield>
  <datafield tag="801" ind1=" " ind2="3">
    <subfield code="a">IT</subfield>
    <subfield code="b">ICCU</subfield>
    <subfield code="c">20201114</subfield>
  </datafield>
  <datafield tag="899" ind1=" " ind2=" ">
    <subfield code="a">Biblioteca statale Isontina. Gorizia</subfield>
    <subfield code="1">GO0025</subfield>
    <subfield code="2">TSA BI</subfield>
  </datafield>
  <datafield tag="899" ind1=" " ind2=" ">
    <subfield code="a">Biblioteca comunale Augusta. Perugia</subfield>
    <subfield code="1">PG0109</subfield>
    <subfield code="2">UM1 01</subfield>
  </datafield>
  <datafield tag="899" ind1=" " ind2=" ">
    <subfield code="a">Biblioteca comunale Lucio Mastronardi. Vigevano</subfield>
    <subfield code="1">PV0188</subfield>
    <subfield code="2">PAV 52</subfield>
  </datafield>
  <datafield tag="899" ind1=" " ind2=" ">
    <subfield code="a">Biblioteca nazionale centrale. Roma</subfield>
    <subfield code="1">RM0267</subfield>
    <subfield code="2">BVE CR</subfield>
  </datafield>
  <datafield tag="899" ind1=" " ind2=" ">
    <subfield code="a">Biblioteca di area Giuridico Politologica dell&apos;Universit ̉di Siena. Siena</subfield>
    <subfield code="1">SI0104</subfield>
    <subfield code="2">RT1 QU</subfield>
  </datafield>
  <datafield tag="899" ind1=" " ind2=" ">
    <subfield code="a">Biblioteca civica. Verona</subfield>
    <subfield code="1">VR0059</subfield>
    <subfield code="2">ZVR 02</subfield>
  </datafield>
  <datafield tag="911" ind1=" " ind2=" ">
    <subfield code="a">Sui front.</subfield>
    <subfield code="9">IT\ICCU\CNCM\000812</subfield>
  </datafield>
  <datafield tag="921" ind1=" " ind2=" ">
    <subfield code="a">IT\ICCU\CNCM\000812</subfield>
    <subfield code="b">Fumo che si leva verso il sole in paesaggio con alberi. In cornice figurata.</subfield>
    <subfield code="e">Et caelum terrena petunt</subfield>
    <subfield code="c">T31</subfield>
    <subfield code="f">FUMO</subfield>
    <subfield code="f">SOLE</subfield>
    <subfield code="g">1582-1595</subfield>
  </datafield>
</record>
</collection>
